@misc{chatgpt,
	title = {ChatGPT},
	year = {2023},
	month = {08},
	url = {https://chat.openai.com},
  organization = {OpenAI}
}

@techreport{ISO9001,
  type = {Standard},
  key = {ISO 9001:2000},
  year = {2000},
  title = {{Quality management systems — Requirements}},
  volume = {2000},
  address = {Geneva, CH},
  institution = {International Organization for Standarization}
}

@techreport{ISO27002,
  type = {Standard},
  key = {ISO 9001:2000},
  year = {2005},
  month = {06},
  title = {{Information technology — Security
  techniques — Code of practice for
  information security management}},
  volume = {2000},
  address = {Geneva, CH},
  institution = {International Organization for Standarization}
}

@misc{amazonbasesdedatos,
	title = {{{\textquestiondown}Qu{\ifmmode\acute{e}\else\'{e}\fi} es la administraci{\ifmmode\acute{o}\else\'{o}\fi}n de datos? - Explicaci{\ifmmode\acute{o}\else\'{o}\fi}n de la administraci{\ifmmode\acute{o}\else\'{o}\fi}n de datos en la nube - AWS}},
	journal = {Amazon Web Services, Inc},
	year = {2023},
	month = aug,
	url = {https://aws.amazon.com/es/what-is/data-management}
}

@misc{googleadmindatos,
	title = {{{\textquestiondown}Qu{\ifmmode\acute{e}\else\'{e}\fi} es la administraci{\ifmmode\acute{o}\else\'{o}\fi}n de datos? {$\vert$} Google Cloud {$\vert$} Google Cloud}},
	journal = {Google Cloud},
	year = {2022},
	month = nov,
	url = {https://cloud.google.com/learn/what-is-data-governance?hl=es-419}
}

@misc{defdba,
	title = {{1.2. Definici{\ifmmode\acute{o}\else\'{o}\fi}n de Administrador de Base de Datos (DBA)}},
	year = {2014},
	month = may,
	url = {http://cidecame.uaeh.edu.mx/lcc/mapa/PROYECTO/libro21/12_definicin_de_administrador_de_base_de_datos_dba.html}
}

@misc{powerdatacalidad,
	title = {{Calidad de Datos. C{\ifmmode\acute{o}\else\'{o}\fi}mo impulsar tu negocio con los datos.}},
	year = {2023},
	month = aug,
	url = {https://www.powerdata.es/calidad-de-datos}
}

@article{deydedatacentric,
	author = {P{\ifmmode\acute{e}\else\'{e}\fi}rez, Virginia},
	title = {{La importancia de la calidad de datos y c{\ifmmode\acute{o}\else\'{o}\fi}mo aprovecharlos - DEYDE}},
	journal = {DEYDE},
	year = {2023},
	month = jun,
	url = {https://deyde.com/blog/calidad-datos/importancia-de-calidad-de-datos-y-aprovecharlos}
}

@article{interiuscalidad,
	author = {Coronel, Mariela},
	title = {{{\textquestiondown}Tienes bases de datos de buena calidad?}},
	journal = {Interius SA de CV RFC INT1702073D7},
	year = {2023},
	month = mar,
	publisher = {Interius SA de CV RFC INT1702073D7},
	url = {https://blog.interius.com.mx/bases-de-datos-de-buena-calidad}
}

@misc{ibmseguridad,
	title = {{Seguridad de las bases de datos: gu{\ifmmode\acute{\imath}\else\'{\i}\fi}a b{\ifmmode\acute{a}\else\'{a}\fi}sica {$\vert$} IBM}},
	year = {2023},
	month = aug,
	url = {https://www.ibm.com/es-es/topics/database-security}
}

@misc{microsoftseguridad,
	title = {{Procedimientos recomendados y soluciones de seguridad para bases de datos {$\vert$} Microsoft Azure}},
	year = {2023},
	month = aug,
	url = {https://azure.microsoft.com/es-es/resources/cloud-computing-dictionary/what-is-database-security/#types}
}

@misc{oracleseguridad,
	title = {{Mejores pr{\ifmmode\acute{a}\else\'{a}\fi}cticas de seguridad de bases de datos}},
	year = {2023},
	month = aug,
	url = {https://www.oracle.com/pe/security/database-security/what-is-data-security}
}