@article{greenwade93,
    author  = "George D. Greenwade",
    title   = "The {C}omprehensive {T}ex {A}rchive {N}etwork ({CTAN})",
    year    = "1993",
    journal = "TUGBoat",
    volume  = "14",
    number  = "3",
    pages   = "342--351"
}
@book{Griffiths:1492149,
      author        = "Griffiths, David J",
      title         = "{Introduction to electrodynamics; 4th ed.}",
      publisher     = "Pearson",
      address       = "Boston, MA",
      year          = "2013",
      url           = "https://cds.cern.ch/record/1492149",
      note          = "Re-published by Cambridge University Press in 2017",
}

@misc{temp,
	title = {temp},
	year = {2023},
	month = aug,
	url = {temp.com}
}

@misc{errorLoginRMAN,
	title = {{Error on login "RMAN" with loss all the control and data files?}},
	journal = {Oracle Forums},
	year = {2008},
	month = mar,
	url = {https://forums.oracle.com/ords/apexds/post/error-on-login-rman-with-loss-all-the-control-and-data-file-2205}
}

@misc{vinchin,
	author = {Expert, Virtual machine backup},
	title = {{Restore and Recover an Oracle Database from RMAN Backups - Vinchin Backup}},
	journal = {@Vinchin},
	year = {2022},
	month = set,
	url = {https://www.vinchin.com/en/blog/restore-and-recover-an-oracle-database-from-rman-backups.html}
}

@misc{wordpress,
	title = {{Ways to find Out DBID of Oracle Database in 11gR2}},
	year = {2019},
	month = aug,
	url = {https://askmedawaa.wordpress.com/2019/08/15/ways-to-find-out-dbid-of-oracle-database-in-11gr2}
}

@misc{oracleSupport,
	title = {{RMAN-06094 or RMAN-06571 During Recovery or Switch to Copy at Standby Site}},
	year = {2023},
	month = jan,
	url = {https://support.oracle.com/knowledge/Oracle%20Database%20Products/1339439_1.html}
}

@misc{oracleDocs,
	title = {{Performing Complete Database Recovery}},
	url = {https://docs.oracle.com/cd/E11882_01/backup.112/e10642/rcmcomre.htm#BRADV89772}
}